<record><leader>00000cas a22000007a 4500</leader><controlfield tag="001">14994007</controlfield><controlfield tag="008">861219d18671868aluwr ne      0    0eng d</controlfield><datafield ind1=" " ind2=" " tag="010"><subfield code="a">sn 86050461 </subfield></datafield><datafield ind1=" " ind2=" " tag="040"><subfield code="a">AAR</subfield><subfield code="b">eng</subfield><subfield code="c">AAR</subfield><subfield code="d">CPN</subfield><subfield code="d">OCLCQ</subfield></datafield><datafield ind1=" " ind2=" " tag="042"><subfield code="a">msc</subfield></datafield><datafield ind1="0" ind2=" " tag="130"><subfield code="a">Union (Moulton, Ala.)</subfield></datafield><datafield ind1="1" ind2="4" tag="245"><subfield code="a">The Union.</subfield></datafield><datafield ind1=" " ind2=" " tag="260"><subfield code="a">Moulton, Ala. :</subfield><subfield code="b">Peters &amp; Leach</subfield></datafield><datafield ind1=" " ind2=" " tag="300"><subfield code="a">v.</subfield></datafield><datafield ind1=" " ind2=" " tag="310"><subfield code="a">Weekly</subfield></datafield><datafield ind1="0" ind2=" " tag="362"><subfield code="a">-v. 1, no. 24 (Feb. 24, 1868).</subfield></datafield><datafield ind1="1" ind2=" " tag="362"><subfield code="a">Began in Sept. 1867.</subfield></datafield><datafield ind1="8" ind2=" " tag="521"><subfield code="a">"By an arrangement with Mr. C.C. White we have agreed to conduct a campaign paper, to be issued in this place until the end of the present year; or until the Constitutional Convention shall have completed its work, if such a convention should be called by a vote of the people. Our object will be to advocate the Reconstruction of the State under the recent acts of Congress ..." Moulton advertiser, Sept. 7, 1867.</subfield></datafield><datafield ind1=" " ind2=" " tag="588"><subfield code="a">Description based on: Vol. 1, no. 4 (Oct. 7, 1867).</subfield></datafield><datafield ind1=" " ind2=" " tag="752"><subfield code="a">United States</subfield><subfield code="b">Alabama</subfield><subfield code="c">Lawrence</subfield><subfield code="d">Moulton.</subfield></datafield><datafield ind1="1" ind2=" " tag="029"><subfield code="a">AU@</subfield><subfield code="b">000025784898</subfield></datafield></record>